@comment{AJPTemplate,
    note = {This is a placeholder to hold bibliography entries for the AJP LaTeX template}
    }